@misc{cours-elec,
	author = {Golling, Tobias},
	title = {Electrodynamique 1},
	year = {2022},
}

@inreference{diff,
	author	= {Lai, {D.K.} and Multian, Volodymyr and others},
	title   = {Diffraction et Holographie},
	year	= {1985-2022}
}

@misc{Huyg-Fres,
    author = "{Wikipedia contributors}",
    title = "Huygens-Fresnel principle --- {Wikipedia}{,} The Free Encyclopedia",
    year = "2022",
    url = "https://en.wikipedia.org/w/index.php?title=Huygens%E2%80%93Fresnel_principle&oldid=1097518977",
    note = "[Online; accessed 5-November-2022]"
  }


@article{Menon12a,
  added-at = {2018-11-14T00:00:00.000+0100},
  author = {Menon, Ravi S.},
  biburl = {https://www.bibsonomy.org/bibtex/29d460d922ed23d8cb66fb6c7701417c5/dblp},
  ee = {https://www.wikidata.org/entity/Q34133582},
  interhash = {2944bbcae1b7ee4170d70e2ff15fb764},
  intrahash = {9d460d922ed23d8cb66fb6c7701417c5},
  journal = {NeuroImage},
  keywords = {dblp},
  number = 2,
  pages = {1068-1071},
  timestamp = {2018-11-15T15:23:22.000+0100},
  title = {Mental chronometry.},
  url = {http://dblp.uni-trier.de/db/journals/neuroimage/neuroimage62.html#Menon12a},
  volume = 62,
  year = 2012
}